<record><leader>00000cas a22000007a 4500</leader><controlfield tag="001">19609583</controlfield><controlfield tag="008">890426d19011904moudn ne      0    0eng d</controlfield><datafield ind1=" " ind2=" " tag="010"><subfield code="a">sn 89066326 </subfield></datafield><datafield ind1=" " ind2=" " tag="040"><subfield code="a">MQN</subfield><subfield code="b">eng</subfield><subfield code="c">MQN</subfield><subfield code="d">NVK</subfield><subfield code="d">OCLCQ</subfield><subfield code="d">OCLCF</subfield><subfield code="d">OCLCO</subfield><subfield code="d">OCLCA</subfield></datafield><datafield ind1="1" ind2=" " tag="029"><subfield code="a">AU@</subfield><subfield code="b">000020555286</subfield></datafield><datafield ind1=" " ind2=" " tag="042"><subfield code="a">msc</subfield></datafield><datafield ind1="0" ind2=" " tag="130"><subfield code="a">Daily tribune (Columbia, Mo.)</subfield></datafield><datafield ind1="0" ind2="4" tag="245"><subfield code="a">The daily tribune.</subfield></datafield><datafield ind1="1" ind2="3" tag="246"><subfield code="a">Columbia daily tribune</subfield></datafield><datafield ind1=" " ind2=" " tag="260"><subfield code="a">Columbia, Mo. :</subfield><subfield code="b">C.M. Strong,</subfield><subfield code="c">1901-1904.</subfield></datafield><datafield ind1=" " ind2=" " tag="300"><subfield code="a">v.</subfield></datafield><datafield ind1=" " ind2=" " tag="310"><subfield code="a">Daily (except Sun.)</subfield></datafield><datafield ind1="0" ind2=" " tag="362"><subfield code="a">Vol. 1, no. 1 (Sept. 18, 1901)-v. 3, no. 113 (Jan. 25, 1904).</subfield></datafield><datafield ind1=" " ind2="0" tag="651"><subfield code="a">Columbia (Mo.)</subfield><subfield code="v">Newspapers.</subfield></datafield><datafield ind1=" " ind2="7" tag="655"><subfield code="a">Newspapers.</subfield><subfield code="2">fast</subfield><subfield code="0">(OCoLC)fst01423814</subfield></datafield><datafield ind1=" " ind2="7" tag="651"><subfield code="a">Missouri</subfield><subfield code="z">Columbia.</subfield><subfield code="2">fast</subfield><subfield code="0">(OCoLC)fst01205914</subfield></datafield><datafield ind1=" " ind2=" " tag="752"><subfield code="a">United States</subfield><subfield code="b">Missouri</subfield><subfield code="c">Boone</subfield><subfield code="d">Columbia.</subfield></datafield><datafield ind1="0" ind2="0" tag="785"><subfield code="t">Columbia daily tribune</subfield><subfield code="w">(DLC)sn 86063306</subfield></datafield></record>